
@Article{	  passingham2001cda,
  title		= "{Contrasting the Dorsal and Ventral Visual Systems:
		  Guidance of Movement versus Decision Making}",
  author	= "R. E. Passingham and I. Toni",
  journal	= "Neuroimage",
  volume	= "14",
  number	= "1",
  pages		= "125--131",
  year		= "2001",
  publisher	= "Elsevier",
  localfile	= "Research Publications/Passingham00"
}

@Article{	  hartline1938,
  title		= "{The discharge of impulses in the optic nerve of Pecten in
		  response to illumination of the eye}",
  author	= "H. K. Hartline",
  journal	= "Journal of Cellular and Comparative Physiology",
  volume	= "11",
  number	= "3",
  pages		= "465--478",
  year		= "1938"
}

@Article{	  schiller1986,
  title		= "{The central visual system.}",
  author	= "PH Schiller",
  journal	= "Vision Res",
  volume	= "26",
  number	= "9",
  pages		= "1351--86",
  year		= "1986"
}

@Article{	  livingstone1988,
  title		= "{Segregation of form, color, movement, and depth: anatomy,
		  physiology, and perception}",
  author	= "M. Livingstone and D. Hubel",
  journal	= "Science",
  volume	= "240",
  number	= "4853",
  pages		= "740--749",
  year		= "1988"
}

@Article{	  ungerleider1982,
  title		= "{Two cortical visual systems}",
  author	= "L. G. Ungerleider and M. Mishkin and others",
  journal	= "Analysis of visual behavior",
  pages		= "549--586",
  year		= "1982"
}

@Article{	  schiller1990,
  title		= "{The color-opponent and broad-band channels of the primate
		  visual system.}",
  author	= "PH Schiller and N. K. Logothetis",
  journal	= "Trends Neuroscience",
  volume	= "13",
  number	= "10",
  pages		= "392--8",
  year		= "1990"
}

@Book{		  milner1995vba,
  title		= "{The Visual Brain in Action}",
  author	= "A. D. Milner and M. A. Goodale",
  year		= "1995",
  publisher	= "Oxford University Press"
}

@Article{	  goodale1986,
  title		= "{Large adjustments in visually guided reaching do not
		  depend on vision of the hand or perception of target
		  displacement}",
  author	= "M. A. Goodale and D. Pelisson and C. Prablanc",
  journal	= "Nature",
  volume	= "320",
  number	= "6064",
  pages		= "748--750",
  year		= "1986"
}

@Article{	  culham2006hpc,
  issn		= "0959-4388",
  volume	= "16",
  number	= "2",
  year		= "2006",
  month		= apr,
  journal	= "Curr Opin Neurobiol",
  title		= "Human parietal cortex in action.",
  pages		= "205--12",
  affiliation	= "Department of Psychology, Social Science Centre,
		  University of Western Ontario, London, Ontario, Canada, N6A
		  5C2. culham@imaging.robarts.ca",
  author	= "Jody C Culham and Kenneth F Valyear",
  localfile	= "Research Publications/culham_conb_2006.pdf"
}

@Article{	  sereno1998,
  issn		= "0028-0836",
  volume	= "395",
  number	= "6701",
  year		= "1998",
  month		= oct,
  journal	= "Nature",
  title		= "Shape selectivity in primate lateral intraparietal
		  cortex.",
  pages		= "500--3",
  affiliation	= "Division of Neuroscience, Baylor College of Medicine,
		  Houston, Texas 77030, USA. sereno@cmbn.rutgers.edu",
  author	= "A B Sereno and J H Maunsell"
}

@Article{	  wheaton2007,
  issn		= "0022-510X",
  volume	= "260",
  number	= "1-2",
  year		= "2007",
  month		= sep,
  journal	= "J Neurol Sci",
  title		= "Ideomotor apraxia: a review.",
  pages		= "1--10",
  affiliation	= "Human Motor Control Section, Medical Neurology Branch,
		  National Institute of Neurological Disorders and Stroke,
		  National Institutes of Health, Bethesda, MD 20892-1428,
		  United States.",
  author	= "Lewis A Wheaton and Mark Hallett",
  localfile	= "Research Publications/Wheaton \& Hallett07.pdf"
}

@Article{	  rossetti2005,
  issn		= "0028-3932",
  volume	= "43",
  number	= "2",
  year		= "2005",
  journal	= "Neuropsychologia",
  title		= "Visually guided reaching: bilateral posterior parietal
		  lesions cause a switch from fast visuomotor to slow
		  cognitive control.",
  pages		= "162--77",
  affiliation	= "INSERM Unit{\'e} 534, Institut F{\'e}d{\'e}ratif des
		  Neurosciences de Lyon: Espace et Action, Institut National
		  de la Sant{\'e} Et de la Recherche M{\'e}dicale, 16 avenue
		  L{\'e}pine, Case 13, 69676 Bron, France.",
  author	= "Y Rossetti and P Revol and R McIntosh and L Pisella and G
		  Rode and J Danckert and C Tilikete and H C Dijkerman and D
		  Boisson and A Vighetto and F Michel and A D Milner",
  localfile	= "Research Publications/rossetti_2005.pdf"
}

@InCollection{	  harrington,
  booktitle	= "{Apraxia: The Neuropsychology of Action}",
  author	= "D L Harrington and K Y Haaland",
  title		= "Representations of Actions in Ideomotor Limb Apraxia:
		  Clues from Motor Programming and Control",
  pages		= "111--143",
  year		= "1997",
  publisher	= "Psychology Press"
}
